@book{吴清松2009计算热物理引论,
  title={计算热物理引论},
  author={吴清松},
  year={2009},
  publisher={中国科学技术大学出版社}
}